@article{mure_esg_2021,
  title = {{{ESG}} and Reputation: {{The}} Case of Sanctioned {{Italian}} Banks},
  shorttitle = {{{ESG}} and Reputation},
  author = {Murè, Pina and Spallone, Marco and Mango, Fabiomassimo and Marzioni, Stefano and Bittucci, Lucilla},
  date = {2021},
  journaltitle = {Corporate Social Responsibility and Environmental Management},
  volume = {28},
  number = {1},
  pages = {265--277},
  issn = {1535-3966},
  doi = {10.1002/csr.2047},
  url = {https://onlinelibrary.wiley.com/doi/abs/10.1002/csr.2047},
  urldate = {2022-12-17},
  langid = {english},
  language = {en},
  keywords = {banking reputation,banks sanctions,CSR,ESG score}
}

@inproceedings{semenko_korporativnaya_2022,
  title = {Корпоративная Социальная Ответственность И Бизнес-Этика Компании},
  booktitle = {Экономические науки: актуальные вопросы теории и практики},
  author = {Семенко, Ирина Егоровна},
  date = {2022},
  pages = {43--45},
  publisher = {{Наука и Просвещение}},
  url = {https://elibrary.ru/item.asp?id=48458847},
  urldate = {2023-03-09},
  langid = {russian},
  language = {ru},
  keywords = {Бизнес-Этика,Внешняя Среда,Внутренняя Среда,Кодекс,Корпоративная Социальная Ответственность,Корпоративное Управление,Корпоративный Менеджмент,Социальная Поддержка},
  file = {/home/samoed/Zotero/storage/Y4LB6Z8B/Семенко - 2022 - Корпоративная Социальная Ответственность И Бизнес-.pdf}
}

@article{kudryavceva_korporativnosocialnaya_2016,
  title = {Корпоративно-Социальная Ответственность В Контексте Этики Банковского Дела},
  author = {Кудрявцева, Ю. А. and Чахкиев, Г. Г.},
  date = {2016},
  pages = {132--137},
  publisher = {{Финансовый университет при Правительстве Российской Федерации}},
  url = {https://elibrary.ru/item.asp?id=26346779},
  urldate = {2023-03-07},
  langid = {russian},
  language = {ru},
  keywords = {Качество Жизни,Общественное Благо,Социальная Ответственность,Финансовое Учреждение,Финансовый Институт,Этическая Политика,Этическое Банковское Дело},
  file = {/home/samoed/Zotero/storage/4PKNJZ76/Кудрявцева and Чахкиев - 2016 - Корпоративно-Социальная Ответственность В Контекст.pdf}
}

@article{climent_ethical_2018,
  title = {Ethical {{Versus Conventional Banking}}: {{A Case Study}}},
  shorttitle = {Ethical {{Versus Conventional Banking}}},
  author = {Climent, Francisco},
  date = {2018-07},
  journaltitle = {Sustainability},
  volume = {10},
  number = {7},
  pages = {2152},
  publisher = {{Multidisciplinary Digital Publishing Institute}},
  issn = {2071-1050},
  doi = {10.3390/su10072152},
  url = {https://www.mdpi.com/2071-1050/10/7/2152},
  urldate = {2022-12-17},
  issue = {7},
  langid = {english},
  language = {en},
  keywords = {conventional banking,ethical banking,social banking,social economy,social values},
  file = {/home/samoed/Zotero/storage/8TYS72PP/Climent - 2018 - Ethical Versus Conventional Banking A Case Study.pdf}
}

@article{harvey_ethical_1995,
  title = {Ethical Banking: {{The}} Case of the {{Co-operative}} Bank},
  shorttitle = {Ethical Banking},
  author = {Harvey, Brian},
  date = {1995-12-01},
  journaltitle = {Journal of Business Ethics},
  shortjournal = {J Bus Ethics},
  volume = {14},
  number = {12},
  pages = {1005--1013},
  issn = {1573-0697},
  doi = {10.1007/BF00872116},
  url = {https://doi.org/10.1007/BF00872116},
  urldate = {2023-02-28},
  langid = {english},
  language = {en},
  keywords = {Corporate Strategy,Ethical Approach,Marketing,Organisational Origin,Service Market}
}

@article{brunk_exploring_2010,
  title = {Exploring Origins of Ethical Company/Brand Perceptions — {{A}} Consumer Perspective of Corporate Ethics},
  author = {Brunk, Katja H.},
  date = {2010-03-01},
  journaltitle = {Journal of Business Research},
  shortjournal = {Journal of Business Research},
  volume = {63},
  number = {3},
  pages = {255--262},
  issn = {0148-2963},
  doi = {10.1016/j.jbusres.2009.03.011},
  url = {https://www.sciencedirect.com/science/article/pii/S0148296309000770},
  urldate = {2023-02-28},
  langid = {english},
  language = {en},
  keywords = {Brand misconduct,Consumer perceived ethicality (CPE),Corporate ethics,Corporate social responsibility (CSR),Ethical consumption,Qualitative research},
  file = {/home/samoed/Zotero/storage/W48VBZHM/S0148296309000770.html}
}

@article{mitchell_bank_1992,
  title = {Bank Ethics: {{An}} Exploratory Study of Ethical Behaviors and Perceptions in Small, Local Banks},
  shorttitle = {Bank Ethics},
  author = {Mitchell, William J. and Lewis, Phillip V. and Reinsch, N. L.},
  date = {1992-03-01},
  journaltitle = {Journal of Business Ethics},
  shortjournal = {J Bus Ethics},
  volume = {11},
  number = {3},
  pages = {197--205},
  issn = {1573-0697},
  doi = {10.1007/BF00871967},
  url = {https://doi.org/10.1007/BF00871967},
  urldate = {2023-02-28},
  langid = {english},
  language = {en},
  keywords = {Economic Growth,Ethical Behavior,Exploratory Study,Research Question,Unethical Behavior}
}

@article{lopez_sustainable_2007,
  title = {Sustainable {{Development}} and {{Corporate Performance}}: {{A Study Based}} on the {{Dow Jones Sustainability Index}}},
  shorttitle = {Sustainable {{Development}} and {{Corporate Performance}}},
  author = {López, M. Victoria and Garcia, Arminda and Rodriguez, Lazaro},
  date = {2007-10-01},
  journaltitle = {Journal of Business Ethics},
  shortjournal = {J Bus Ethics},
  volume = {75},
  number = {3},
  pages = {285--300},
  issn = {1573-0697},
  doi = {10.1007/s10551-006-9253-8},
  url = {https://doi.org/10.1007/s10551-006-9253-8},
  urldate = {2023-03-18},
  langid = {english},
  language = {en},
  keywords = {competitive advantage,Dow Jones Sustainability Index,performance,sustainable development,value creating}
}

@article{collison_financial_2008,
  title = {The Financial Performance of the {{FTSE4Good}} Indices},
  author = {Collison, David J. and Cobb, George and Power, David M. and Stevenson, Lorna A.},
  date = {2008},
  journaltitle = {Corporate Social Responsibility and Environmental Management},
  volume = {15},
  number = {1},
  pages = {14--28},
  issn = {1535-3966},
  doi = {10.1002/csr.144},
  url = {https://onlinelibrary.wiley.com/doi/abs/10.1002/csr.144},
  urldate = {2023-03-18},
  langid = {english},
  language = {en},
  keywords = {corporate social responsibility,ethical investing,financial performance,FTSE4Good,socially responsible investing},
  file = {/home/samoed/Zotero/storage/SDZQP54P/csr.html}
}

@article{harris_distributional_1954,
  title = {Distributional {{Structure}}},
  author = {Harris, Zellig S.},
  date = {1954-08-01},
  journaltitle = {WORD},
  volume = {10},
  number = {2-3},
  pages = {146--162},
  publisher = {{Routledge}},
  issn = {0043-7956},
  doi = {10.1080/00437956.1954.11659520},
  url = {https://doi.org/10.1080/00437956.1954.11659520},
  urldate = {2023-02-28},
  file = {/home/samoed/Zotero/storage/U47TPQFP/Harris - 1954 - Distributional Structure.pdf}
}

@article{joneskarensparck_statistical_1972,
  title = {A Statistical Interpretation of Term Specificity and Its Application in Retrieval},
  author = {{Jones, Karen Sparck}},
  date = {1972-01-01},
  journaltitle = {Journal of Documentation},
  volume = {28},
  number = {1},
  pages = {11--21},
  publisher = {{MCB UP Ltd}},
  issn = {0022-0418},
  doi = {10.1108/eb026526},
  url = {https://doi.org/10.1108/eb026526}
}

@inproceedings{mikolov_distributed_2013,
  title = {Distributed {{Representations}} of {{Words}} and {{Phrases}} and Their {{Compositionality}}},
  booktitle = {Advances in {{Neural Information Processing Systems}}},
  author = {Mikolov, Tomas and Sutskever, Ilya and Chen, Kai and Corrado, Greg S and Dean, Jeff},
  date = {2013},
  volume = {26},
  publisher = {{Curran Associates, Inc.}},
  url = {https://papers.nips.cc/paper/2013/hash/9aa42b31882ec039965f3c4923ce901b-Abstract.html},
  urldate = {2023-02-28},
  file = {/home/samoed/Zotero/storage/YTTUCEMR/Mikolov et al. - 2013 - Distributed Representations of Words and Phrases a.pdf}
}

@online{joulin_bag_2016,
  title = {Bag of {{Tricks}} for {{Efficient Text Classification}}},
  author = {Joulin, Armand and Grave, Edouard and Bojanowski, Piotr and Mikolov, Tomas},
  date = {2016-08-09},
  eprint = {1607.01759},
  eprinttype = {arxiv},
  eprintclass = {cs},
  doi = {10.48550/arXiv.1607.01759},
  url = {http://arxiv.org/abs/1607.01759},
  urldate = {2023-05-24},
  pubstate = {preprint},
  keywords = {Computer Science - Computation and Language},
  file = {/home/samoed/Zotero/storage/EAGP4MK7/Joulin et al. - 2016 - Bag of Tricks for Efficient Text Classification.pdf;/home/samoed/Zotero/storage/P89ST4E6/1607.html}
}

@unpublished{devlin_bert_2019,
  title = {{{BERT}}: {{Pre-training}} of {{Deep Bidirectional Transformers}} for {{Language Understanding}}},
  shorttitle = {{{BERT}}},
  author = {Devlin, Jacob and Chang, Ming-Wei and Lee, Kenton and Toutanova, Kristina},
  date = {2019-05-24},
  eprint = {1810.04805},
  eprinttype = {arxiv},
  eprintclass = {cs},
  doi = {10.48550/arXiv.1810.04805},
  url = {http://arxiv.org/abs/1810.04805},
  urldate = {2022-07-08},
  keywords = {Computer Science - Computation and Language},
  file = {/home/samoed/Zotero/storage/M2XLDN3L/Devlin et al. - 2019 - BERT Pre-training of Deep Bidirectional Transform.pdf;/home/samoed/Zotero/storage/LMFUZULE/1810.html}
}

@inproceedings{vaswani_attention_2017,
  title = {Attention Is {{All}} You {{Need}}},
  booktitle = {Advances in {{Neural Information Processing Systems}}},
  author = {Vaswani, Ashish and Shazeer, Noam and Parmar, Niki and Uszkoreit, Jakob and Jones, Llion and Gomez, Aidan N and Kaiser, Łukasz and Polosukhin, Illia},
  date = {2017},
  volume = {30},
  url = {https://papers.nips.cc/paper/2017/hash/3f5ee243547dee91fbd053c1c4a845aa-Abstract.html},
  urldate = {2023-02-28},
  file = {/home/samoed/Zotero/storage/PKEVR2B6/Vaswani et al. - 2017 - Attention is All you Need.pdf}
}

@unpublished{peters_deep_2018,
  title = {Deep Contextualized Word Representations},
  author = {Peters, Matthew E. and Neumann, Mark and Iyyer, Mohit and Gardner, Matt and Clark, Christopher and Lee, Kenton and Zettlemoyer, Luke},
  date = {2018-03-22},
  eprint = {1802.05365},
  eprinttype = {arxiv},
  eprintclass = {cs},
  doi = {10.48550/arXiv.1802.05365},
  url = {http://arxiv.org/abs/1802.05365},
  urldate = {2023-02-28},
  keywords = {Computer Science - Computation and Language},
  file = {/home/samoed/Zotero/storage/ZEGSKQC6/Peters et al. - 2018 - Deep contextualized word representations.pdf;/home/samoed/Zotero/storage/3SSGYDWB/1802.html}
}

@article{radford_language_2019,
  title = {Language {{Models}} Are {{Unsupervised Multitask Learners}}},
  author = {Radford, Alec and Wu, Jeffrey and Child, Rewon and Luan, David and Amodei, Dario and Sutskever, Ilya},
  date = {2019},
  langid = {english},
  language = {en},
  file = {/home/samoed/Zotero/storage/ZZKR2VA7/Radford et al. - Language Models are Unsupervised Multitask Learner.pdf}
}

@article{gonzalez-carvajal_comparing_,
  title = {Comparing {{BERT}} against Traditional Machine Learning Text Classification},
  author = {González-Carvajal, Santiago and Garrido-Merchán, Eduardo C.},
  journaltitle = {Journal of Computational and Cognitive Engineering},
  shortjournal = {JCCE},
  eprint = {2005.13012},
  eprinttype = {arxiv},
  eprintclass = {cs, stat},
  issn = {28109503},
  doi = {10.47852/bonviewJCCE3202838},
  url = {http://arxiv.org/abs/2005.13012},
  urldate = {2023-06-01},
  keywords = {Computer Science - Computation and Language,Computer Science - Machine Learning,Statistics - Machine Learning},
  file = {/home/samoed/Zotero/storage/32F8DT5L/González-Carvajal and Garrido-Merchán - Comparing BERT against traditional machine learnin.pdf;/home/samoed/Zotero/storage/JMV8J38Q/2005.html}
}

@article{fan_liblinear_2008,
  title = {{{LIBLINEAR}}: {{A Library}} for {{Large Linear Classification}}},
  shorttitle = {{{LIBLINEAR}}},
  author = {Fan, Rong-En and Chang, Kai-Wei and Hsieh, Cho-Jui and Wang, Xiang-Rui and Lin, Chih-Jen},
  date = {2008-06-01},
  journaltitle = {The Journal of Machine Learning Research},
  shortjournal = {J. Mach. Learn. Res.},
  volume = {9},
  pages = {1871--1874},
  issn = {1532-4435},
  file = {/home/samoed/Zotero/storage/EQ2C5MIF/Fan et al. - 2008 - LIBLINEAR A Library for Large Linear Classificati.pdf}
}

@article{platt_probabilistic_2000,
  title = {Probabilistic {{Outputs}} for {{Support Vector Machines}} and {{Comparisons}} to {{Regularized Likelihood Methods}}},
  author = {Platt, John},
  date = {2000-06-23},
  journaltitle = {Adv. Large Margin Classif.},
  shortjournal = {Adv. Large Margin Classif.},
  volume = {10},
  file = {/home/samoed/Zotero/storage/YACWYFFB/Platt - 2000 - Probabilistic Outputs for Support Vector Machines .pdf}
}

@inproceedings{joachims_text_1998,
  title = {Text Categorization with {{Support Vector Machines}}: {{Learning}} with Many Relevant Features},
  shorttitle = {Text Categorization with {{Support Vector Machines}}},
  booktitle = {Machine {{Learning}}: {{ECML-98}}},
  author = {Joachims, Thorsten},
  editor = {Nédellec, Claire and Rouveirol, Céline},
  date = {1998},
  series = {Lecture {{Notes}} in {{Computer Science}}},
  pages = {137--142},
  publisher = {{Springer}},
  location = {{Berlin, Heidelberg}},
  doi = {10.1007/BFb0026683},
  isbn = {978-3-540-69781-7},
  langid = {english},
  language = {en},
  keywords = {Irrelevant Feature,Linear Threshold Function,Radial Basic Function,Support Vector Machine,Text Categorization},
  file = {/home/samoed/Zotero/storage/GR3B9J6Z/Joachims - 1998 - Text categorization with Support Vector Machines .pdf}
}

@article{breiman_random_2001,
  title = {Random {{Forests}}},
  author = {Breiman, Leo},
  date = {2001-10-01},
  journaltitle = {Machine Learning},
  shortjournal = {Machine Learning},
  volume = {45},
  number = {1},
  pages = {5--32},
  issn = {1573-0565},
  doi = {10.1023/A:1010933404324},
  url = {https://doi.org/10.1023/A:1010933404324},
  urldate = {2023-05-24},
  langid = {english},
  language = {en},
  keywords = {classification,ensemble,regression},
  file = {/home/samoed/Zotero/storage/T6X69MNA/Breiman - 2001 - Random Forests.pdf}
}

@article{friedman_greedy_2001,
  title = {Greedy Function Approximation: {{A}} Gradient Boosting Machine},
  author = {Friedman, Jerome H.},
  date = {2001},
  journaltitle = {The Annals of Statistics},
  volume = {29},
  number = {5},
  eprint = {2699986},
  eprinttype = {jstor},
  pages = {1189--1232},
  publisher = {{Institute of Mathematical Statistics}},
  issn = {00905364},
  url = {http://www.jstor.org/stable/2699986},
  urldate = {2023-05-28}
}

@inproceedings{chen_xgboost_2016,
  title = {{{XGBoost}}: {{A Scalable Tree Boosting System}}},
  shorttitle = {{{XGBoost}}},
  booktitle = {Proceedings of the 22nd {{ACM SIGKDD International Conference}} on {{Knowledge Discovery}} and {{Data Mining}}},
  author = {Chen, Tianqi and Guestrin, Carlos},
  date = {2016-08-13},
  series = {{{KDD}} '16},
  pages = {785--794},
  publisher = {{Association for Computing Machinery}},
  location = {{New York, NY, USA}},
  doi = {10.1145/2939672.2939785},
  url = {https://dl.acm.org/doi/10.1145/2939672.2939785},
  urldate = {2023-05-24},
  isbn = {978-1-4503-4232-2},
  keywords = {large-scale machine learning},
  file = {/home/samoed/Zotero/storage/7T77KQHP/Chen and Guestrin - 2016 - XGBoost A Scalable Tree Boosting System.pdf}
}

@article{mitchell_accelerating_2017,
  title = {Accelerating the {{XGBoost}} Algorithm Using {{GPU}} Computing},
  author = {Mitchell, Rory and Frank, Eibe},
  date = {2017-07-24},
  journaltitle = {PeerJ Computer Science},
  shortjournal = {PeerJ Comput. Sci.},
  volume = {3},
  pages = {e127},
  publisher = {{PeerJ Inc.}},
  issn = {2376-5992},
  doi = {10.7717/peerj-cs.127},
  url = {https://peerj.com/articles/cs-127},
  urldate = {2023-05-24},
  langid = {english},
  language = {en},
  file = {/home/samoed/Zotero/storage/AGDMYVSB/Mitchell and Frank - 2017 - Accelerating the XGBoost algorithm using GPU compu.pdf}
}

@inproceedings{prokhorenkova_catboost_2018,
  title = {{{CatBoost}}: Unbiased Boosting with Categorical Features},
  booktitle = {Advances in Neural Information Processing Systems},
  author = {Prokhorenkova, Liudmila and Gusev, Gleb and Vorobev, Aleksandr and Dorogush, Anna Veronika and Gulin, Andrey},
  editor = {Bengio, S. and Wallach, H. and Larochelle, H. and Grauman, K. and Cesa-Bianchi, N. and Garnett, R.},
  date = {2018},
  volume = {31},
  publisher = {{Curran Associates, Inc.}},
  url = {https://proceedings.neurips.cc/paper_files/paper/2018/file/14491b756b3a51daac41c24863285549-Paper.pdf}
}

@unpublished{dorogush_catboost_2018,
  title = {{{CatBoost}}: Gradient Boosting with Categorical Features Support},
  shorttitle = {{{CatBoost}}},
  author = {Dorogush, Anna Veronika and Ershov, Vasily and Gulin, Andrey},
  date = {2018-10-24},
  eprint = {1810.11363},
  eprinttype = {arxiv},
  eprintclass = {cs, stat},
  doi = {10.48550/arXiv.1810.11363},
  url = {http://arxiv.org/abs/1810.11363},
  urldate = {2023-05-28},
  keywords = {Computer Science - Machine Learning,Computer Science - Mathematical Software,Statistics - Machine Learning},
  file = {/home/samoed/Zotero/storage/4ZXUGY2V/Dorogush et al. - 2018 - CatBoost gradient boosting with categorical featu.pdf;/home/samoed/Zotero/storage/EU2CIWFN/1810.html}
}

@book{vanrossum_python_2009,
  title = {Python 3 Reference Manual},
  author = {Van Rossum, Guido and Drake, Fred L.},
  date = {2009},
  publisher = {{CreateSpace}},
  location = {{Scotts Valley, CA}},
  isbn = {1-4414-1269-7}
}

@inproceedings{paszke_pytorch_2019,
  title = {{{PyTorch}}: {{An Imperative Style}}, {{High-Performance Deep Learning Library}}},
  shorttitle = {{{PyTorch}}},
  booktitle = {Advances in {{Neural Information Processing Systems}}},
  author = {Paszke, Adam and Gross, Sam and Massa, Francisco and Lerer, Adam and Bradbury, James and Chanan, Gregory and Killeen, Trevor and Lin, Zeming and Gimelshein, Natalia and Antiga, Luca and Desmaison, Alban and Kopf, Andreas and Yang, Edward and DeVito, Zachary and Raison, Martin and Tejani, Alykhan and Chilamkurthy, Sasank and Steiner, Benoit and Fang, Lu and Bai, Junjie and Chintala, Soumith},
  date = {2019},
  volume = {32},
  publisher = {{Curran Associates, Inc.}},
  url = {https://proceedings.neurips.cc/paper/2019/hash/bdbca288fee7f92f2bfa9f7012727740-Abstract.html},
  urldate = {2023-02-28},
  file = {/home/samoed/Zotero/storage/HPURX9AH/Paszke et al. - 2019 - PyTorch An Imperative Style, High-Performance Dee.pdf}
}

@inproceedings{wolf_transformers_2020,
  title = {Transformers: {{State-of-the-Art Natural Language Processing}}},
  shorttitle = {Transformers},
  booktitle = {Proceedings of the 2020 {{Conference}} on {{Empirical Methods}} in {{Natural Language Processing}}: {{System Demonstrations}}},
  author = {Wolf, Thomas and Debut, Lysandre and Sanh, Victor and Chaumond, Julien and Delangue, Clement and Moi, Anthony and Cistac, Pierric and Rault, Tim and Louf, Remi and Funtowicz, Morgan and Davison, Joe and Shleifer, Sam and family=Platen, given=Patrick, prefix=von, useprefix=true and Ma, Clara and Jernite, Yacine and Plu, Julien and Xu, Canwen and Le Scao, Teven and Gugger, Sylvain and Drame, Mariama and Lhoest, Quentin and Rush, Alexander},
  date = {2020-10},
  pages = {38--45},
  publisher = {{Association for Computational Linguistics}},
  location = {{Online}},
  doi = {10.18653/v1/2020.emnlp-demos.6},
  url = {https://aclanthology.org/2020.emnlp-demos.6},
  urldate = {2023-03-18},
  file = {/home/samoed/Zotero/storage/QYH4PHFV/Wolf et al. - 2020 - Transformers State-of-the-Art Natural Language Pr.pdf}
}

@book{_encyclopaedia_,
  title = {Encyclopaedia of {{Mathematics}} (Set)},
  url = {https://link.springer.com/book/9781556080104},
  urldate = {2023-05-29},
  langid = {english},
  language = {en},
  file = {/home/samoed/Zotero/storage/CWMDHENM/9781556080104.html}
}

@article{korogodina_evaluation_2020,
  title = {Evaluation of {{Vector Transformations}} for {{Russian Word2Vec}} and {{FastText Embeddings}}},
  author = {Korogodina, Olga and Karpik, Olesya and Klyshinsky, Eduard},
  date = {2020-12-17},
  journaltitle = {Proceedings of the 30th International Conference on Computer Graphics and Machine Vision (GraphiCon 2020). Part 2},
  pages = {paper18-1-paper18-12},
  doi = {10.51130/graphicon-2020-2-3-18},
  url = {http://ceur-ws.org/Vol-2744/paper18.pdf},
  urldate = {2023-05-15},
  langid = {english},
  language = {en},
  file = {/home/samoed/Zotero/storage/6KKFJWGE/Korogodina et al. - 2020 - Evaluation of Vector Transformations for Russian W.pdf}
}

@unpublished{kuratov_adaptation_2019,
  title = {Adaptation of {{Deep Bidirectional Multilingual Transformers}} for {{Russian Language}}},
  author = {Kuratov, Yuri and Arkhipov, Mikhail},
  date = {2019-05-17},
  eprint = {1905.07213},
  eprinttype = {arxiv},
  eprintclass = {cs},
  doi = {10.48550/arXiv.1905.07213},
  url = {http://arxiv.org/abs/1905.07213},
  keywords = {Computer Science - Computation and Language},
  file = {/home/samoed/Zotero/storage/KLLUUBX4/Kuratov and Arkhipov - 2019 - Adaptation of Deep Bidirectional Multilingual Tran.pdf;/home/samoed/Zotero/storage/CQ5Q9PTB/1905.html}
}

@online{defazio_saga_2014,
  title = {{{SAGA}}: {{A Fast Incremental Gradient Method With Support}} for {{Non-Strongly Convex Composite Objectives}}},
  shorttitle = {{{SAGA}}},
  author = {Defazio, Aaron and Bach, Francis and Lacoste-Julien, Simon},
  date = {2014-12-16},
  eprint = {1407.0202},
  eprinttype = {arxiv},
  eprintclass = {cs, math, stat},
  doi = {10.48550/arXiv.1407.0202},
  url = {http://arxiv.org/abs/1407.0202},
  urldate = {2023-05-29},
  pubstate = {preprint},
  keywords = {Computer Science - Machine Learning,Mathematics - Optimization and Control,Statistics - Machine Learning},
  file = {/home/samoed/Zotero/storage/G2SJBG5V/Defazio et al. - 2014 - SAGA A Fast Incremental Gradient Method With Supp.pdf;/home/samoed/Zotero/storage/RC3Q3F67/1407.html}
}

@article{merkel_docker_2014,
  title = {Docker: Lightweight Linux Containers for Consistent Development and Deployment},
  author = {Merkel, Dirk},
  date = {2014},
  journaltitle = {Linux journal},
  volume = {2014},
  number = {239},
  pages = {2}
}

@article{ghofrani_challenges_2018,
  title = {Challenges of {{Microservices Architecture}}: {{A Survey}} on the {{State}} of the {{Practice}}},
  shorttitle = {Challenges of {{Microservices Architecture}}},
  author = {Ghofrani, Javad and Lübke, Daniel},
  date = {2018-05-02},
  file = {/home/samoed/Zotero/storage/SSI48J5V/Ghofrani and Lübke - 2018 - Challenges of Microservices Architecture A Survey.pdf}
}

@software{boyd_explosion_2023,
  title = {Explosion/{{spaCy}}: V3.2.6: {{Bug}} Fixes for {{Pydantic}} and Pip},
  shorttitle = {Explosion/{{spaCy}}},
  author = {Boyd, Adriane},
  date = {2023-05-25},
  doi = {10.5281/zenodo.7970450},
  url = {https://zenodo.org/record/7970450},
  urldate = {2023-05-31},
  organization = {{Zenodo}},
  file = {/home/samoed/Zotero/storage/UCJUZYUK/7970450.html}
}

@inproceedings{kutuzov_webvectors_2017,
  title = {{{WebVectors}}: {{A Toolkit}} for {{Building Web Interfaces}} for {{Vector Semantic Models}}},
  shorttitle = {{{WebVectors}}},
  booktitle = {Analysis of {{Images}}, {{Social Networks}} and {{Texts}}},
  author = {Kutuzov, Andrey and Kuzmenko, Elizaveta},
  editor = {Ignatov, Dmitry I. and Khachay, Mikhail Yu. and Labunets, Valeri G. and Loukachevitch, Natalia and Nikolenko, Sergey I. and Panchenko, Alexander and Savchenko, Andrey V. and Vorontsov, Konstantin},
  date = {2017},
  series = {Communications in {{Computer}} and {{Information Science}}},
  pages = {155--161},
  publisher = {{Springer International Publishing}},
  location = {{Cham}},
  doi = {10.1007/978-3-319-52920-2_15},
  isbn = {978-3-319-52920-2},
  langid = {english},
  language = {en},
  keywords = {Distributional semantics,Machine learning,Neural embeddings,Visualization,Word2vec},
  file = {/home/samoed/Zotero/storage/9HFLAECU/Kutuzov and Kuzmenko - 2017 - WebVectors A Toolkit for Building Web Interfaces .pdf}
}

@inproceedings{rehurek_software_2010,
  title = {Software {{Framework}} for {{Topic Modelling}} with {{Large Corpora}}},
  author = {Řehůřek, Radim and Sojka, Petr},
  date = {2010-05-17},
  pages = {45--50},
  doi = {10.13140/2.1.2393.1847},
  file = {/home/samoed/Zotero/storage/GPUYM7G9/Řehůřek and Sojka - 2010 - Software Framework for Topic Modelling with Large .pdf}
}

@online{kingma_adam_2017,
  title = {Adam: {{A Method}} for {{Stochastic Optimization}}},
  shorttitle = {Adam},
  author = {Kingma, Diederik P. and Ba, Jimmy},
  date = {2017-01-29},
  eprint = {1412.6980},
  eprinttype = {arxiv},
  eprintclass = {cs},
  doi = {10.48550/arXiv.1412.6980},
  url = {http://arxiv.org/abs/1412.6980},
  urldate = {2023-05-10},
  pubstate = {preprint},
  keywords = {Computer Science - Machine Learning},
  file = {/home/samoed/Zotero/storage/K9C5QD8G/Kingma and Ba - 2017 - Adam A Method for Stochastic Optimization.pdf;/home/samoed/Zotero/storage/WSYWE4D5/1412.html}
}

@inproceedings{chen_developments_2020,
  title = {Developments in {{MLflow}}: {{A System}} to {{Accelerate}} the {{Machine Learning Lifecycle}}},
  shorttitle = {Developments in {{MLflow}}},
  booktitle = {Proceedings of the {{Fourth International Workshop}} on {{Data Management}} for {{End-to-End Machine Learning}}},
  author = {Chen, Andrew and Chow, Andy and Davidson, Aaron and DCunha, Arjun and Ghodsi, Ali and Hong, Sue Ann and Konwinski, Andy and Mewald, Clemens and Murching, Siddharth and Nykodym, Tomas and Ogilvie, Paul and Parkhe, Mani and Singh, Avesh and Xie, Fen and Zaharia, Matei and Zang, Richard and Zheng, Juntai and Zumar, Corey},
  date = {2020-06-17},
  series = {{{DEEM}}'20},
  pages = {1--4},
  publisher = {{Association for Computing Machinery}},
  location = {{New York, NY, USA}},
  doi = {10.1145/3399579.3399867},
  url = {https://doi.org/10.1145/3399579.3399867},
  urldate = {2023-05-30},
  isbn = {978-1-4503-8023-2}
}

@inproceedings{akiba_optuna_2019,
  title = {Optuna: {{A Next-generation Hyperparameter Optimization Framework}}},
  shorttitle = {Optuna},
  booktitle = {Proceedings of the 25th {{ACM SIGKDD International Conference}} on {{Knowledge Discovery}} \& {{Data Mining}}},
  author = {Akiba, Takuya and Sano, Shotaro and Yanase, Toshihiko and Ohta, Takeru and Koyama, Masanori},
  date = {2019-07-25},
  series = {{{KDD}} '19},
  pages = {2623--2631},
  publisher = {{Association for Computing Machinery}},
  location = {{New York, NY, USA}},
  doi = {10.1145/3292500.3330701},
  url = {https://doi.org/10.1145/3292500.3330701},
  urldate = {2023-05-30},
  isbn = {978-1-4503-6201-6},
  keywords = {Bayesian optimization,black-box optimization,hyperparameter optimization,machine learning system}
}

@incollection{bayermichael_architecture_2012,
  title = {The {{Architecture}} of {{Open Source Applications Volume II}}: {{Structure}}, {{Scale}}, and a {{Few More Fearless Hacks}}},
  shorttitle = {{{SQLAlchemy}}},
  booktitle = {The {{Architecture}} of {{Open Source Applications Volume II}}: {{Structure}}, {{Scale}}, and a {{Few More Fearless Hacks}}},
  author = {{Bayer, Michael}},
  date = {2012},
  publisher = {{aosabook.org}},
  location = {{Mountain View}},
  url = {https://aosabook.org/en/v2/sqlalchemy.html},
  urldate = {2023-04-29},
  file = {/home/samoed/Zotero/storage/NS83A6PA/sqlalchemy.html}
}

@article{richardsonleonard_beautiful_2007,
  title = {Beautiful Soup Documentation},
  author = {{Richardson, Leonard}},
  date = {2007},
  journaltitle = {April}
}

@software{team_pandasdev_2023,
  title = {Pandas-Dev/Pandas: {{Pandas}}},
  shorttitle = {Pandas-Dev/Pandas},
  author = {family=team, given=The, prefix=pandas development, useprefix=false},
  date = {2023-02-20},
  doi = {10.5281/zenodo.7658911},
  url = {https://zenodo.org/record/7658911},
  urldate = {2023-02-28},
  organization = {{Zenodo}},
  file = {/home/samoed/Zotero/storage/RECW6E5P/7658911.html}
}

@software{bird_natural_2009,
  title = {Natural {{Language Processing}} with {{Python}}: {{Analyzing Text}} with the {{Natural Language Toolkit}}},
  shorttitle = {Natural {{Language Processing}} with {{Python}}},
  author = {Bird, Steven and Klein, Ewan and Loper, Edward},
  date = {2009},
  origdate = {2009-09-07T10:53:58Z},
  url = {https://github.com/nltk/nltk},
  urldate = {2023-02-28},
  organization = {{O'Reilly Media, Inc.}}
}

@book{chandra_python_2015,
  title = {Python Requests Essentials},
  author = {Chandra, Rakesh Vidya and Varanasi, Bala Subrahmanyam},
  date = {2015},
  publisher = {{Packt Publishing Ltd}}
}

@misc{krekel_pytest_2004,
  title = {Pytest 7.3},
  author = {Krekel, Holger and Oliveira, Bruno and Pfannschmidt, Ronny and Bruynooghe, Floris and Laugher, Brianna and Bruhin, Florian},
  date = {2004},
  url = {https://github.com/pytest-dev/pytest}
}
